@misc{guidelines,
	title = {Guidelines For Designing User Interface Software},
	author = {Smith, Sidney L. and Mosier, Jane N.},
	note = {\url{http://hcibib.org/sam/index.html} (last accessed on 11/24/13)}
}

@misc{shniederman-golden-rules,
	title = {Shneiderman's ``Eight Golden Rules of Interface Design''},
	author = {Shniederman, Ben},
	note = {\url{http://faculty.washington.edu/jtenenbg/courses/360/f04/sessions/schneidermanGoldenRules.html} (last accessed on 11/24/13)}
}

@misc{nielsen-usability-heuristics,
	title = {10 Usability Heuristics for User Interface Design},
	author = {Jakob Nielsen},
	note = {\url{http://www.nngroup.com/articles/ten-usability-heuristics/} (last accessed on 11/24/13)}
}

@misc{tognazzini-first-principles,
	title = {First Principles of Interaction Design},
	author = {Bruce Tognazzini},
	note = {\url{http://www.asktog.com/basics/firstPrinciples.html} (last accessed on 11/24/13)}
}


@misc{mission-impossible,
	title = {Mission: Impossible 3 (5/8) Movie CLIP - Seeing Boudle (2006) HD},
	author = {movieclips},
	note = {\url{http://www.youtube.com/watch?v=CgX4uJSj00Y} (last accessed on 11/25/13)}
}