@article{bae16,
	Author = {Bakker, Saskia and Alissa N. Antle and Elise van den Hoven},
	Issue = {4},
	Journal = {Personal and Ubiquitous Computing},
	Pages = {433-449},
	Title = {Embodied metaphors in tangible interaction design},
	Volume = {16},
	Year = 2012}
	
@misc{ewd1036,
	Author = {Edsgar W. Djikstra},
	Title = {On the cruelty of really teaching computer science},
	Year = 1988}
	
